2828 4866
81 260 84 269 ’
198 232 429 366 ιιιΙ
528 233 561 281 ·’

152 462 155 467 ’
227 435 427 555 possem,
457 456 557 551 quae
593 404 736 549 judices
761 470 835 552 per
874 429 1108 559 proiiuoias¹
1122 456 1228 567 justis

199 592 344 675 satque
374 571 642 653 innocentibus
673 561 894 679 intulerunt.
951 578 1121 650 Verum
1118 558 1229 677 quid

125 790 129 797 Ι
213 721 324 799 opus
349 712 407 793 est
431 693 497 767 illa
521 718 689 786 narrare,
726 699 930 823 praecipue
953 696 1040 788 tibi,
1073 701 1232 787 Donate

223 818 469 907 carissima·
477 820 550 916 qui
579 835 738 915 praeter
774 808 922 893 ceteros
964 833 1231 919 tempestatem

5 942 9 949 ’
105 946 126 969 ·“
224 928 398 1016 turbidae
418 942 693 1039 persecutionis
718 958 894 1043 expertus
919 942 983 1014 es?
1019 944 1121 1013 Nam
1146 948 1269 1015 cum'

223 1060 419 1136 incidisses
442 1062 485 1133 in
510 1057 730 1135 flaccinum
747 1049 1012 1163 Praefectum,
1039 1046 1144 1137 ¹nori
1162 1090 1229 1164 pu·
1272 1110 1275 1117 ·

224 1183 353 1259 sillum
388 1181 645 1275 homicidam,
688 1182 871 1259 deinde
859 1210 902 1256 ιιι
930 1183 1154 1261 Hieroclem
1185 1211 1229 1261 ex

104 1340 107 1351 -
144 1328 147 1336 ¹
193 1307 378 1403 'acurio
404 1300 635 1392 Praesident,
678 1307 747 1405 qui
778 1322 893 1393 autor
922 1325 960 1380 et
993 1306 1247 1382 consiliarius·

121 1522 127 1528 ι
172 1480 175 1488 ·
223 1425 286 1523 ed
304 1424 523 1499 faciendam
556 1431 864 1549 persecutionem
895 1426 986 1520 fuit,
1020 1438 1228 1529 postremo

173 1552 178 1577 ¹
222 1549 265 1621 ιιι
288 1544 571 1620 Priscillianum
596 1555 854 1622 successorem
879 1548 979 1646 elus,
1021 1542 1244 1626 documeu·'

164 1764 166 1773 Ι
222 1689 304 1779 tum
333 1666 508 1744 omnibus
546 1668 708 1743 iutictae
744 1666 986 1745 ιιιιιιιιιιιιιιιιΙ
1012 1664 1229 1770 praebuisti.
1271 1676 1274 1682 ’

130 1864 133 1875 ,
221 1790 368 1863 Novies
398 1791 508 1863 euim
537 1792 754 1862 tormentis
741 1791 1081 1894 cruciatibusque
1115 1799 1224 1893 variis

222 1910 430 2006 sublectus,
472 1894 606 2003 novies
636 1910 894 1985 adversarium
923 1899 1099 2013 gloriosa
1135 1941 1224 1991 con·

220 2032 390 2107 fassione
413 2030 550 2106 vicisti.-
597 2033 741 2106 Nouem
765 2032 919 2131 proeliis
928 2035 1117 2110 zabulum
1131 2062 1224 2113 cum

50 2170 54 2180 '
172 2170 180 2190 ¹
221 2151 445 2231 satellitibus
490 2152 569 2226 suis
614 2153 826 2241 debellasti,
879 2180 1017 2232 novem
1053 2161 1223 2255 [victoriis

89 2333 91 2340 ·
192 2257 420 2377 ,saeculum
460 2297 550 2348 cum
598 2279 675 2347 suis
689 2266 697 2293 '¹
724 2275 928 2350 terroribus
948 2290 952 2297 '
976 2282 1221 2382 triumphasti

182 2444 186 2451 -
218 2383 352 2493 Quam
383 2395 598 2492 jucundum
627 2392 722 2467 illud
747 2398 1004 2495 spectaculum
1034 2406 1124 2477 Deo
1155 2405 1223 2479 fuit

163 2521 177 2625 J
220 2504 312 2594 cum
329 2520 515 2624 victorem
532 2534 570 2590 te
588 2535 768 2603 cerneret,
791 2543 871 2626 non
889 2520 1070 2599 candidos
1090 2551 1218 2627 equos,

219 2662 286 2716 aut
320 2645 505 2715 immanes
530 2637 784 2765 elephantos,
821 2616 940 2716 sed'
929 2669 1031 2746 ipsos
1075 2649 1221 2746 potissi-

217 2776 324 2836 r'num
356 2740 658 2861 triumphatores
678 2762 807 2834 currui
836 2783 905 2839 tuo
938 2768 1221 2866 subjugantem?

217 2888 296 2958 Hic
320 2901 377 2957 est
400 2908 508 2959 verus
533 2882 745 2981 triumphus
770 2910 858 2957 cum
877 2888 1140 2974 dominatores
1159 2893 1221 2968 do-

218 3009 422 3081 minantur.
463 3004 563 3078 Victi
588 3008 691 3077 enim
716 3022 779 3091 tua
803 3012 941 3085 virtute
965 3035 1010 3085 ec
1033 3011 1221 3113 subjugati

215 3138 322 3213 sunt‚‘
344 3123 670 3227 quandoquidem
675 3153 739 3201 ne
727 3128 875 3232 anda
863 3136 1028 3226 Jussione
1054 3155 1221 3212 contem.

190 3268 276 3339 ¹-ta,
312 3271 458 3323 omnes
489 3267 693 3345 apparatus
714 3275 763 3323 ac
787 3252 977 3327 terriculas
1002 3263 1218 3363 tyrannicae

216 3372 410 3470 potestatis
442 3360 521 3440 fide
549 3368 676 3467 stabili
707 3390 763 3445 et
776 3374 912 3449 robore
941 3378 1058 3448 animi
1076 3379 1218 3478 profli·

214 3495 322 3591 gasti.
372 3486 479 3561 Nihil
501 3462 693 3564 adversus
704 3509 746 3565 te
768 3492 938 3588 verbere,
979 3497 1076 3571 nibil
1099 3526 1218 3601 ungu·
1243 3512 1247 3517 “

120 3660 123 3671 ,
151 3659 161 3672 .
214 3611 294 3696 lae,
317 3607 411 3683 nihil
435 3610 551 3708 ignis,
577 3608 674 3685 nibil
697 3613 857 3711 ferrum,
887 3617 1111 3694 nihil'raria
1142 3642 1218 3695 tor·

214 3751 453 3808 mentorum
474 3747 616 3837 ‘genera
659 3731 883 3813 valuerunt.
927 3741 1107 3818 Adimere
1148 3744 1218 3818 tibi

213 3851 329 3928 fidem
365 3878 411 3927 ec
446 3851 716 3931 devotionem·
728 3860 833 3936 nulls
862 3864 917 3935 ris
948 3865 1104 3985 potuit.
1135 3868 1218 3939 Hoc

216 3978 274 4047 eit
314 3996 399 4052 esse
434 3973 664 4075 discipulum
701 3980 798 4067 Dei,
847 3980 923 4056 hoc
947 4002 1021 4059 est
1040 3960 1214 4061 ιιιιιιιιιιι

182 4123 187 4132 ·
215 4091 372 4190 Christi,
407 4120 533 4199 quem
556 4097 680 4170 nullus
705 4100 826 4179 hostis
847 4123 1055 4206 expugnet,
1089 4107 1215 4183 nullus
